
@article{machnes_2011,
  doi = {10.1103/PhysRevA.84.022305},
  author = {Machnes, S. and Sander, U. and Glaser, S. J. and de Fouqui\`eres, P. and Gruslys, A. and Schirmer, S. and Schulte-Herbr\"uggen, T.},
  year = 2011,
  title = {Comparing, optimizing, and benchmarking quantum-control algorithms in a unifying programming framework},
  pages = 022305,
  journal = {Phys. Rev. A},
  volume = 84,
  numpages = 23,
archivePrefix = {arXiv},
  eprint = {1011.4874v3}
}


@Unpublished{kosut_2006,
  author = 	 {Kosut, Robert L. and Grace, Matthew and Brif, Constantin and  Rabitz, Herschel},
  title = 	 {On the distance between unitary propagators of quantum systems of differing dimensions},
  year = 2006,
archivePrefix =  {arXiv},
  eprint =       {quant-ph/0606064v1}
}

@Unpublished{floether_2012,
  author = 	 {Floether, Frederik F. and de Fouqui√®res, Pierre and Schirmer, Sophie G.},
  title = 	 {Robust quantum gates for open systems via optimal control: {M}arkovian versus non-{M}arkovian dynamics},
  year = 2012,
archivePrefix =  {arXiv},
  note = {unpublished}
}



@Unpublished{watrous_2004,
  author = 	 {Watrous, John},
  title = 	 {Notes on super-operator norms induced by Schatten norms},
  year =	 2004,
archivePrefix =  {arXiv},
  eprint =       {quant-ph/0411077v1}
}

